@article{attentionIsAllYouNeed,
  title={Attention is all you need},
  author={Vaswani, Ashish and Shazeer, Noam and Parmar, Niki and Uszkoreit, Jakob and Jones, Llion and Gomez, Aidan N and Kaiser, {\L}ukasz and Polosukhin, Illia},
  journal={Advances in neural information processing systems},
  volume={30},
  year={2017}
}

@article{chua1993cnn,
  title={The CNN paradigm},
  author={Chua, Leon O and Roska, Tamas},
  journal={IEEE Transactions on Circuits and Systems I: Fundamental Theory and Applications},
  volume={40},
  number={3},
  pages={147--156},
  year={1993},
  publisher={IEEE}
}